<record><leader>00000cas a2200000 a 4500</leader><controlfield tag="001">30906186</controlfield><controlfield tag="008">940808d1985199ucauer ne      0    0eng c</controlfield><datafield ind1=" " ind2=" " tag="010"><subfield code="a">sn 94052822 </subfield></datafield><datafield ind1=" " ind2=" " tag="040"><subfield code="a">CUY</subfield><subfield code="b">eng</subfield><subfield code="c">CNK</subfield><subfield code="d">OCLCQ</subfield><subfield code="d">OCLCF</subfield><subfield code="d">OCLCO</subfield></datafield><datafield ind1="1" ind2=" " tag="029"><subfield code="a">AU@</subfield><subfield code="b">000011229996</subfield></datafield><datafield ind1=" " ind2=" " tag="042"><subfield code="a">pcc</subfield></datafield><datafield ind1=" " ind2=" " tag="043"><subfield code="a">n-us-ca</subfield></datafield><datafield ind1="0" ind2="4" tag="245"><subfield code="a">The San Leandro gazette.</subfield></datafield><datafield ind1=" " ind2=" " tag="260"><subfield code="a">San Leandro, Calif. :</subfield><subfield code="b">George R. Lill</subfield></datafield><datafield ind1=" " ind2=" " tag="300"><subfield code="a">v.</subfield></datafield><datafield ind1=" " ind2=" " tag="310"><subfield code="a">Biweekly,</subfield><subfield code="b">Apr. 22, 1992-&lt;Sept. 1996&gt;</subfield></datafield><datafield ind1=" " ind2=" " tag="321"><subfield code="a">Weekly,</subfield><subfield code="b">Dec. 18, 1985-Apr. 8, 1992</subfield></datafield><datafield ind1="0" ind2=" " tag="362"><subfield code="a">Vol. 12, no. 37 (Dec. 18, 1985)-</subfield></datafield><datafield ind1=" " ind2="0" tag="651"><subfield code="a">San Leandro (Calif.)</subfield><subfield code="v">Newspapers.</subfield></datafield><datafield ind1=" " ind2="7" tag="655"><subfield code="a">Newspapers.</subfield><subfield code="2">fast</subfield><subfield code="0">(OCoLC)fst01423814</subfield></datafield><datafield ind1=" " ind2="7" tag="651"><subfield code="a">California</subfield><subfield code="z">San Leandro.</subfield><subfield code="2">fast</subfield><subfield code="0">(OCoLC)fst01214305</subfield></datafield><datafield ind1=" " ind2=" " tag="752"><subfield code="a">United States</subfield><subfield code="b">California</subfield><subfield code="c">Alameda</subfield><subfield code="d">San Leandro.</subfield></datafield><datafield ind1="0" ind2="0" tag="780"><subfield code="t">San Leandran</subfield><subfield code="w">(DLC)sn 97069232</subfield></datafield></record>